@incollection{Castellano2013,
year={2013},
isbn={978-3-642-39111-8},
booktitle={Artificial Intelligence in Education},
volume={7926},
series={Lecture Notes in Computer Science},
editor={Lane, H.Chad and Yacef, Kalina and Mostow, Jack and Pavlik, Philip},
doi={10.1007/978-3-642-39112-5_100},
title={Towards Empathic Virtual and Robotic Tutors},
url={http://dx.doi.org/10.1007/978-3-642-39112-5_100},
publisher={Springer Berlin Heidelberg},
keywords={Virtual and robotic tutor; affect recognition; adaptive behaviour},
author={Castellano, Ginevra and Paiva, Ana and Kappas, Arvid and Aylett, Ruth and Hastie, Helen and Barendregt, Wolmet and Nabais, Fernando and Bull, Susan},
pages={733-736}
}

@inproceedings{Han2005,
author = {Jeonghye Han and Miheon Jo and Sungju Park and Sungho Kim},
booktitle = {Robot and Human Interactive Communication, 2005. ROMAN 2005. IEEE International Workshop on},
doi = {10.1109/ROMAN.2005.1513808},
file = {:C$\backslash$:/Users/koen/Documents/Onderzoek/Cognitive Robotics/HanEtAl2005 The Educational Use of Home Robots for Children.pdf:pdf},
isbn = {0-7803-9274-4},
keywords = {robotic tutor,robotics},
mendeley-tags = {robotic tutor,robotics},
pages = {378--383},
publisher = {IEEE},
title = {{The educational use of home robots for children}},
url = {http://ieeexplore.ieee.org/lpdocs/epic03/wrapper.htm?arnumber=1513808},
year = {2005}
}

@inproceedings{Hoffmann2011,
  title={How should an artificial entity be embodied? Comparing the effects of a physically present robot and its virtual representation},
  author={Hoffmann, L and Kr{\"a}mer, NC},
  booktitle={HRI 2011 workshop on social robotic telepresence},
  pages={14--20},
  year={2011}
}

@inproceedings{Huang2012,
 author = {Huang, Chien-Ming and Mutlu, Bilge},
 title = {Robot behavior toolkit: generating effective social behaviors for robots},
 booktitle = {Proceedings of the seventh annual ACM/IEEE international conference on Human-Robot Interaction},
 series = {HRI '12},
 year = {2012},
 isbn = {978-1-4503-1063-5},
 location = {Boston, Massachusetts, USA},
 pages = {25--32},
 numpages = {8},
 url = {http://doi.acm.org/10.1145/2157689.2157694},
 doi = {10.1145/2157689.2157694},
 acmid = {2157694},
 publisher = {ACM},
 address = {New York, NY, USA},
 keywords = {activity theory, generating social behavior, human-robot interaction, robot behavior toolkit}
} 

@inproceedings{Mutlu2006, 
author={Mutlu, B. and Forlizzi, J. and Hodgins, J.}, 
booktitle={Humanoid Robots, 2006 6th IEEE-RAS International Conference on}, 
title={A Storytelling Robot: Modeling and Evaluation of Human-like Gaze Behavior}, 
year={2006}, 
pages={518-523}, 
keywords={eye;humanoid robots;man-machine systems;robot vision;Honda ASIMO;discourse structure model;education;entertainment;human-like conversational agents;human-like gaze behavior;human-robot communication;humanoid robots;storytelling robot;Application software;Computer science;Computer science education;Educational robots;Frequency;Human robot interaction;Human voice;Humanoid robots;Robotics and automation;Speech}, 
doi={10.1109/ICHR.2006.321322}}

@incollection{Knight2011,
year={2011},
isbn={978-3-642-25503-8},
booktitle={Social Robotics},
volume={7072},
series={Lecture Notes in Computer Science},
editor={Mutlu, Bilge and Bartneck, Christoph and Ham, Jaap and Evers, Vanessa and Kanda, Takayuki},
doi={10.1007/978-3-642-25504-5_5},
title={Eight Lessons Learned about Non-verbal Interactions through Robot Theater},
url={http://dx.doi.org/10.1007/978-3-642-25504-5_5},
publisher={Springer Berlin Heidelberg},
keywords={Human Robot Interaction; Entertainment Robots; Non-verbal Interaction; Social Robots; Collaborations with the Arts},
author={Knight, Heather},
pages={42-51}
}

@inproceedings{Saerbeck2010,
address = {New York, New York, USA},
author = {Saerbeck, Martin and Schut, Tom and Bartneck, Christoph and Janse, Maddy D},
booktitle = {Proceedings of the SIGCHI Conference on Human Factors in Computing Systems},
series = {CHI '10},
doi = {10.1145/1753326.1753567},
file = {:C$\backslash$:/Users/koen/Documents/Onderzoek/Cognitive Robotics/SaerbeckEtAl2010 Expressive Robots in Education.pdf:pdf},
isbn = {9781605589299},
issn = {0379864X},
keywords = {education,human rob,robotic tutor,robotics,social interaction,tutoring},
mendeley-tags = {robotic tutor,robotics},
pages = {1613--1622},
pmid = {15647463},
publisher = {ACM Press},
title = {{Expressive robots in education: varying the degree of social supportive behavior of a robotic tutor}},
url = {http://portal.acm.org/citation.cfm?doid=1753326.1753567},
year = {2010}
}

@Misc{PowerPoint,
OPTkey = {•},
author = {Microsoft},
title = {{PowerPoint}},
howpublished = {\url{http://office.microsoft.com/en-us/powerpoint/}},
month = {September},
year = {2013},
OPTnote = {•},
OPTannote = {•}
}

@Misc{QT,
OPTkey = {•},
author = {Qt},
title = {Qt Toolkit},
howpublished = {\url{http://qt.digia.com/}},
month = {September},
year = {2013},
OPTnote = {•},
OPTannote = {•}
}

@Misc{TurningPoint,
OPTkey = {•},
author = {{Turning Technologies}},
title = {TurningPoint},
howpublished = {\url{http://www.turningtechnologies.com/polling-solutions/turningpoint}},
month = {September},
year = {2013},
OPTnote = {•},
OPTannote = {•}
}

@Misc{ProtoBuf,
OPTkey = {•},
author = {Google},
title = {Protocol Buffers},
howpublished = {\url{https://developers.google.com/protocol-buffers/}},
month = {April},
year = {2012},
OPTnote = {•},
OPTannote = {•}
}

@inproceedings{Bartneck2002,
  title={EMuu: An Embodied Emotional Character for the Ambient Intelligent Home},
  author={Bartneck, Christoph},
  year={2002},
  publisher={Technische Universiteit Eindhoven}
}

@article{mori1970uncanny,
  title={The uncanny valley},
  author={Mori, Masahiro},
  journal={Energy},
  volume={7},
  number={4},
  pages={33--35},
  year={1970}
}

@inproceedings{Pereira2008,
 author = {Pereira, Andr{\'e} and Martinho, Carlos and Leite, Iolanda and Paiva, Ana},
 title = {iCat, the chess player: the influence of embodiment in the enjoyment of a game},
 booktitle = {Proceedings of the 7th international joint conference on Autonomous agents and multiagent systems - Volume 3},
 series = {AAMAS '08},
 year = {2008},
 isbn = {978-0-9817381-2-3},
 location = {Estoril, Portugal},
 pages = {1253--1256},
 numpages = {4},
 url = {http://dl.acm.org/citation.cfm?id=1402821.1402844},
 acmid = {1402844},
 publisher = {International Foundation for Autonomous Agents and Multiagent Systems},
 address = {Richland, SC},
 keywords = {autonomous agents, chess, embodiment, synthetic characters, user enjoyment},
} 

@INPROCEEDINGS{Tapus2009, 
author={Tapus, A. and Tapus, C. and Mataric, M.}, 
booktitle={Robot and Human Interactive Communication, 2009. RO-MAN 2009. The 18th IEEE International Symposium on}, 
title={The role of physical embodiment of a therapist robot for individuals with cognitive impairments}, 
year={2009}, 
pages={103-107}, 
keywords={human-robot interaction;medical robotics;social aspects of automation;cognitive impairments;human-robot interaction;music game;robot physical embodiment;social therapist robot;socially interactive robot;Aging;Alzheimer's disease;Cognitive robotics;Dementia;Human robot interaction;Medical services;Medical treatment;Monitoring;Rehabilitation robotics;Senior citizens}, 
doi={10.1109/ROMAN.2009.5326211}, 
ISSN={1944-9445},}
